<collection xmlns="http://www.loc.gov/MARC21/slim">
   <record>
      <leader>02365cam a2200445 i 45 0</leader>
      <controlfield tag="001">6855863</controlfield>
      <controlfield tag="003">OCoLC</controlfield>
      <controlfield tag="005">20150310110924.0</controlfield>
      <controlfield tag="008">140728s2015    nyua   b b    000 f eng d</controlfield>
      <datafield ind1=" " ind2=" " tag="020">
         <subfield code="a">9780545658461 (paperback)</subfield>
      </datafield>
      <datafield ind1=" " ind2=" " tag="020">
         <subfield code="a">0545658462 (paperback)</subfield>
      </datafield>
      <datafield ind1=" " ind2=" " tag="035">
         <subfield code="a">ocn884817174</subfield>
      </datafield>
      <datafield ind1=" " ind2=" " tag="040">
         <subfield code="a">BTCTA</subfield>
         <subfield code="b">eng</subfield>
         <subfield code="e">rda</subfield>
         <subfield code="c">BTCTA</subfield>
         <subfield code="d">BDX</subfield>
         <subfield code="d">RV8</subfield>
         <subfield code="d">JBU</subfield>
         <subfield code="d">YDXCP</subfield>
         <subfield code="d">JAO</subfield>
      </datafield>
      <datafield ind1=" " ind2=" " tag="043">
         <subfield code="a">n-us-il</subfield>
      </datafield>
      <datafield ind1=" " ind2="4" tag="050">
         <subfield code="a">PZ</subfield>
      </datafield>
      <datafield ind1="0" ind2="4" tag="082">
         <subfield code="a">[Fic]</subfield>
         <subfield code="2">23</subfield>
      </datafield>
      <datafield ind1=" " ind2=" " tag="090">
         <subfield code="a">ER Series I SUR</subfield>
         <subfield code="b">AEVC</subfield>
      </datafield>
      <datafield ind1="1" ind2=" " tag="100">
         <subfield code="a">Tarshis, Lauren,</subfield>
         <subfield code="e">author.</subfield>
         <subfield code="0">http://id.loc.gov/authorities/names/n87928430</subfield>
         <subfield code="0">http://viaf.org/viaf/91874845</subfield>
      </datafield>
      <datafield ind1="1" ind2="0" tag="245">
         <subfield code="a">I survived the Great Chicago Fire, 1871 /</subfield>
         <subfield code="c">by Lauren Tarshis ; illustrated by Scott Dawson.</subfield>
      </datafield>
      <datafield ind1="3" ind2=" " tag="246">
         <subfield code="a">Great Chicago Fire, 1871</subfield>
      </datafield>
      <datafield ind1=" " ind2="1" tag="264">
         <subfield code="a">New York :</subfield>
         <subfield code="b">Scholastic Inc.,</subfield>
         <subfield code="c">2015.</subfield>
      </datafield>
      <datafield ind1=" " ind2="4" tag="264">
         <subfield code="c">©2015</subfield>
      </datafield>
      <datafield ind1=" " ind2=" " tag="300">
         <subfield code="a">96 pages :</subfield>
         <subfield code="b">illustrations ;</subfield>
         <subfield code="c">19 cm</subfield>
      </datafield>
      <datafield ind1=" " ind2=" " tag="336">
         <subfield code="a">text</subfield>
         <subfield code="b">txt</subfield>
         <subfield code="2">rdacontent</subfield>
         <subfield code="0">http://id.loc.gov/vocabulary/contentTypes/txt</subfield>
      </datafield>
      <datafield ind1=" " ind2=" " tag="337">
         <subfield code="a">unmediated</subfield>
         <subfield code="b">n</subfield>
         <subfield code="2">rdamedia</subfield>
         <subfield code="0">http://id.loc.gov/vocabulary/mediaTypes/n</subfield>
      </datafield>
      <datafield ind1=" " ind2=" " tag="338">
         <subfield code="a">volume</subfield>
         <subfield code="b">nc</subfield>
         <subfield code="2">rdacarrier</subfield>
         <subfield code="0">http://id.loc.gov/vocabulary/carriers/nc</subfield>
      </datafield>
      <datafield ind1="1" ind2=" " tag="490">
         <subfield code="a">I survived</subfield>
      </datafield>
      <datafield ind1=" " ind2=" " tag="504">
         <subfield code="a">Includes bibliographical references.</subfield>
      </datafield>
      <datafield ind1=" " ind2=" " tag="520">
         <subfield code="a">Oscar Starling never wanted to come to Chicago. But then Oscar finds himself not just in the heart of the big city but in the middle of a terrible fire! No one knows exactly how it began, but one thing is clear: Chicago is like a giant powder keg about to explode. An army of firemen is trying to help, but this fire is a ferocious beast that wants to devour everything in its path, including Oscar! Will Oscar survive one of the most famous and devastating fires in history?</subfield>
      </datafield>
      <datafield ind1="0" ind2=" " tag="521">
         <subfield code="a">4.0.</subfield>
      </datafield>
      <datafield ind1="2" ind2=" " tag="521">
         <subfield code="a">2-4.</subfield>
      </datafield>
      <datafield ind1=" " ind2=" " tag="596">
         <subfield code="a">3</subfield>
      </datafield>
      <datafield ind1=" " ind2="0" tag="650">
         <subfield code="a">Great Fire, Chicago, Ill., 1871</subfield>
         <subfield code="v">Juvenile fiction.</subfield>
      </datafield>
      <datafield ind1=" " ind2="0" tag="650">
         <subfield code="a">Fires</subfield>
         <subfield code="z">Illinois</subfield>
         <subfield code="z">Chicago</subfield>
         <subfield code="x">History</subfield>
         <subfield code="y">19th century</subfield>
         <subfield code="v">Juvenile fiction.</subfield>
      </datafield>
      <datafield ind1=" " ind2="0" tag="651">
         <subfield code="a">Chicago (Ill.)</subfield>
         <subfield code="x">History</subfield>
         <subfield code="y">To 1875</subfield>
         <subfield code="v">Juvenile fiction.</subfield>
      </datafield>
      <datafield ind1="1" ind2=" " tag="700">
         <subfield code="a">Dawson, Scott,</subfield>
         <subfield code="e">illustrator.</subfield>
         <subfield code="0">http://id.loc.gov/authorities/names/no2010111828</subfield>
         <subfield code="0">http://viaf.org/viaf/45886165</subfield>
      </datafield>
      <datafield ind1=" " ind2=" " tag="758">
         <subfield code="0">http://worldcat.org/entity/work/id/375812751</subfield>
      </datafield>
      <datafield ind1="0" ind2=" " tag="787">
         <subfield code="n">OCLC Work Id</subfield>
         <subfield code="o">http://worldcat.org/entity/work/id/375812751</subfield>
      </datafield>
      <datafield ind1="1" ind2=" " tag="800">
         <subfield code="a">Tarshis, Lauren.</subfield>
         <subfield code="t">I survived.</subfield>
      </datafield>
      <datafield ind1=" " ind2=" " tag="926">
         <subfield code="a">ER Series I SUR</subfield>
         <subfield code="w">ASIS</subfield>
         <subfield code="c">1</subfield>
         <subfield code="i">33862001356082</subfield>
         <subfield code="d">2/28/2017</subfield>
         <subfield code="e">2/21/2017</subfield>
         <subfield code="l">EASY_READ</subfield>
         <subfield code="m">NORQ_MAIN</subfield>
         <subfield code="n">3</subfield>
         <subfield code="p">$4.49</subfield>
         <subfield code="r">Y</subfield>
         <subfield code="s">Y</subfield>
         <subfield code="t">BOOK</subfield>
         <subfield code="u">3/23/2015</subfield>
      </datafield>
   </record>
</collection>
